@article{Adomavicius2005,
  author = {Adomavicius, Gediminas and Tuzhilin, Alexander},
  journal = {IEEE Transactions on Knowledge and Data Engineering},
  number = 6,
  pages = {734-749},
  title = {Toward the next generation of recommender systems: A survey of the state-of-the-art and possible extensions},
  volume = 17,
  year = 2005
}

@inproceedings{Alvares2005,
  author = {Alvares, Reinaldo Viana and Garcia, Ana Cristina Bicharra and Ferraz, Inhaúma Neves},
  booktitle = {EPIA},
  editor = {Bento, Carlos and Cardoso, Amílcar and Dias, Gaël},
  pages = {693-701},
  publisher = {Springer},
  series = {Lecture Notes in Computer Science},
  title = {STEMBR: A Stemming Algorithm for the Brazilian Portuguese Language.},
  volume = 3808,
  year = 2005
}

@conference{Beel2013,
  author = {Beel, Joeran and Langer, Stefan and Genzmehr, Marcel and N\"{u}rnberger, Andreas},
  title = {Introducing Docear's research paper recommender system},
  booktitle = {Proceedings of the 13th ACM/IEEE-CS joint conference on Digital libraries - JCDL '13},
  year = {2013},
  pages = {459},
  address = {New York, New York, USA},
  publisher = {ACM Press}
}

@book{Berry2010,
  address = {Chichester, UK},
  editor = {Berry, Michael W. and Kogan, Jacob},
  publisher = {Wiley},
  title = {Text Mining: Applications and Theory},
  year = 2010
}

@article{Bielikova2012,
  author = {Bielikova, Maria and Kompan, Michal and Zelenik, Dusan},
  title = {Effective Hierarchical Vector-based News Representation for Personalized Recommendation},
  journal = {Computer Science and Information Systems},
  year = {2012},
  volume = {9},
  pages = {303-322},
  number = {1},
  publisher = {COMSIS CONSORTIUM}
}

@article{Bouras2014,
  year = {2014},
  journal = {International Journal of Machine Learning and Cybernetics},
  title = {Assisting cluster coherency via n-grams and clustering as a tool to deal with the new user problem},
  publisher = {Springer Berlin Heidelberg},
  author = {Bouras, Christos and Tsogkas, Vassilis},
  pages = {1-14},
  language = {English}
}

@article{Burke2002,
  address = {Hingham, MA, USA},
  author = {Burke, Robin},
  journal = {User Modeling and User-Adapted Interaction},
  number = 4,
  pages = {331-370},
  publisher = {Kluwer Academic Publishers},
  title = {Hybrid Recommender Systems: Survey and Experiments},
  volume = 12,
  year = 2002
}

@incollection{Burke2007,
  address = {Berlin},
  author = {Burke, Robin},
  booktitle = {The Adaptive Web: Methods and Strategies of Web Personalization},
  chapter = 12,
  pages = {377-408},
  title = {Hybrid Web Recommender Systems},
  year = 2007
}

@article{Cabanes2012,
  author = {Cabanes, Guénaël and Bennani, Younès and Fresneau, Dominique},
  journal = {Neural Networks},
  pages = {186-195},
  title = {Enriched topological learning for cluster detection and visualization.},
  volume = 32,
  year = 2012
}

@conference{Capelle2012,
  author = {Capelle, Michel and Frasincar, Flavius and Moerland, Marnix and Hogenboom, Frederik},
  title = {Semantics-based news recommendation},
  booktitle = {Proceedings of the 2nd International Conference on Web Intelligence, Mining and Semantics - WIMS '12},
  year = {2012},
  pages = {1},
  address = {New York, New York, USA},
  publisher = {ACM Press}
}

@inproceedings{Cheng2000,
  author = {Cheng, Yizong and Church, George M.},
  booktitle = {Procedures of the 8th ISMB},
  pages = {93-103},
  publisher = {AAAI Press},
  title = {Biclustering of Expression Data},
  year = 2000
}

@article{Cleger2012,
  author = {Cleger-Tamayo, S.a and Fern\'{a}ndez-Luna, J.M.b and Huete, J.F.b},
  title = {Top-N news recommendations in digital newspapers},
  journal = {Knowledge-Based Systems},
  year = {2012},
  volume = {27},
  pages = {180-189}
}

@article{Davoodi2012,
  author = {Davoodi, Elnaz and Kianmehr, Keivan and Afsharchi, Mohsen},
  title = {A semantic social network-based expert recommender system},
  journal = {Applied Intelligence},
  year = {2012},
  volume = {39},
  pages = {1-13},
  number = {1},
  month = oct
}

@article{Domingues2012,
  author = {Domingues, Marcos Aur\'{e}lio and Gouyon, Fabien and Jorge, Al\'{\i}pio M\'{a}rio and Leal, Jos\'{e} Paulo and Vinagre, Jo\~{a}o and Lemos, Lu\'{\i}s and Sordo, Mohamed},
  title = {Combining usage and content in an online recommendation system for music in the Long Tail},
  journal = {International Journal of Multimedia Information Retrieval},
  year = {2012},
  volume = {2},
  pages = {3-13},
  number = {1}
}

@book{Feldman2006,
  address = {Cambridge, MA, USA},
  author = {Feldman, Ronen and Sanger, James},
  howpublished = {Hardcover},
  month = {December},
  priority = {2},
  publisher = {Cambridge University Press},
  title = {The Text Mining Handbook: Advanced Approaches in Analyzing Unstructured Data},
  year = 2006
}

@phdthesis{Franca2010,
  author = {de Franca, F.O.},
  title = {Biclusterização na Análise de Dados Incertos},
  school = {Universidade Estadual de Campinas},
  year = 2010,
  address = {Campinas, SP, BR},
  month = 11
}

@inproceedings{Franca20102,
  author = {de Franca, F.O. and Von Zuben, F.J.},
  booktitle = {Evolutionary Computation (CEC), 2010 IEEE Congress on},
  title = {Finding a high coverage set of 5-biclusters with swarm intelligence},
  year = {2010},
  month = {July},
  pages = {1-8}
}

@article{Getz2000,
  author = {G. Getz and E. Levine and E. Domany},
  title = {Coupled Two-Way Clustering Analysis of Gene Microarray Data},
  journal = {Proc. Natl. Acad. Sci. USA},
  year = {2000},
  volume = {97},
  pages = {12079-12084}
}

@article{Hartigan1972,
  author = {Hartigan, J. A.},
  journal = {Journal of the American Statistical Association},
  keywords = {biclustering clustering},
  number = 337,
  pages = {123-129},
  publisher = {American Statistical Association},
  title = {Direct Clustering of a Data Matrix},
  volume = 67,
  year = 1972
}

@book{Haykin2008,
  author = {Haykin, Simon},
  day = {28},
  edition = {3},
  howpublished = {Hardcover},
  keywords = {neural-networks},
  month = nov,
  priority = {2},
  publisher = {Prentice Hall},
  title = {Neural Networks and Learning Machines (3rd Edition)},
  year = {2008}
}

@phdthesis{Ho2008,
  author = {Ho, Ngoc-Diep},
  title = {Nonnegative Matriz Factorization Algorithms and Applications},
  school = {Université Catholique de Louvain},
  year = 2008,
  address = {Louvain-la-Neuve, Belgique},
  month = {6}
}

@article{Hochreiter2010,
  author = {Hochreiter, Sepp and Bodenhofer, Ulrich and Heusel, Martin and Mayr, Andreas and Mitterecker, Andreas and Kasim, Adetayo and Khamiakova, Tatsiana and Sanden, Suzy Van and 0004, Dan Lin and Talloen, Willem and Bijnens, Luc and Göhlmann, Hinrich W. H. and Shkedy, Ziv and Clevert, Djork-Arné},
  journal = {Bioinformatics},
  number = 12,
  pages = {1520-1527},
  title = {FABIA: factor analysis for bicluster acquisition.},
  volume = 26,
  year = 2010
}

@article{Hotho2005,
  author = {HOTHO, Andreas and NÜRNBERGER, Andreas and PAAß, Gerhard},
  journal = {LDV Forum - GLDV Journal for Computational Linguistics and Language Technology},
  keywords = {2005 SumSchool06 mining myown ontology overview survey text tm},
  month = MAY,
  number = 1,
  pages = {19-62},
  title = {A Brief Survey of Text Mining},
  vgwort = {44},
  volume = 20,
  year = 2005
}

@article{Jain1999,
  author = {Jain, A. K. and Murty, M. N. and Flynn, P. J.},
  journal = {ACM Computing Surveys},
  month = {September},
  pages = {264 -- 323},
  publisher = {ACM},
  title = {Data Clustering: A Review},
  volume = {31},
  issue = {3},
  year = {1999}
}

@book{Jannach2011,
  author = {Jannach, Dietmar and Zanker, Markus and Felfernig, Alexander and Friedrich, Gerhard},
  keywords = {book recommender recommender-systems},
  publisher = {Cambridge University Press},
  timestamp = {2011-04-30T20:19:16.000+0200},
  title = {Recommender Systems An Introduction},
  year = 2011
}

@techreport{Kitchenham2004,
  author = {Kitchenham, Barbara},
  institution = {Departament of Computer Science, Keele University},
  title = {Procedures for Performing Systematic Reviews},
  year = 2004
}

@article{Kluger2003,
  author = {Kluger, Yuval and Basri, Ronen and Chang, Joseph T. and Gerstein, Mark},
  journal = {Genome Research},
  number = 4,
  pages = {703-716},
  title = {Spectral Biclustering of Microarray Data: Coclustering Genes and Conditions},
  volume = 13,
  year = 2003
}

@phdthesis{Kuang2014,
  author = {Da Kuang},
  title = {Nonnegative Matrix Factorization For Clustering},
  school = {University of Tampere},
  year = 2014,
  address = {Tampere, Finlândia}
  month = 8
}

@article{lee99,
  author = {Lee, Daniel D. and Seung, H. Sebastian},
  journal = {Nature},
  key = {Lee and Seung},
  pages = {788--791},
  title = {Learning the parts of objects by nonnegative matrix factorization},
  volume = 401,
  year = 1999
}

@inproceedings{lee:nnmf00,
  author = {Lee, Daniel D. and Seung, H. Sebastian},
  booktitle = {NIPS},
  pages = {556-562},
  title = {Algorithms for Non-negative Matrix Factorization},
  year = 2000
}


@article{Lee2012,
  author = {Lee, Yen-Hsien and Hu, Paul Jen-Hwa and Cheng, Tsang-Hsiang and Hsieh, Ya-Fang},
  title = {A cost-sensitive technique for positive-example learning supporting content-based product recommendations in B-to-C e-commerce},
  journal = {DECISION SUPPORT SYSTEMS},
  year = {2012},
  volume = {53},
  pages = {245--256},
  number = {1},
  month = apr,
  publisher = {ELSEVIER SCIENCE BV}
}

@phdthesis{Leino2014,
  author = {Juha Leino},
  title = {User Factors in Recommender Systems: Case Studies in e-Commerce, News Recommending, and e-Learning},
  school = {University of Tampere},
  year = 2014,
  address = {Tampere, Finlândia}
  month = 8
}

@article{Li2011,
  author = {Li, Lei and Wang, Dingding and Zhu, Shunzhi and Li, Tao},
  journal = {Journal of Computer Science and Technology},
  number = 5,
  pages = {754-766},
  title = {Personalized News Recommendation: A Review and an Experimental Investigation.},
  volume = 26,
  year = 2011
}

@incollection{Lops2011,
  author = {Lops, Pasquale and de Gemmis, Marco and Semeraro, Giovanni},
  booktitle = {Recommender Systems Handbook},
  editor = {Ricci, Francesco and Rokach, Lior and Shapira, Bracha and Kantor, Paul B.},
  pages = {73-105},
  publisher = {Springer},
  title = {Content-based Recommender Systems: State of the Art and Trends.},
  year = 2011
}

@article{Lops2013,
  author = {Lops, P and De Gemmis, M and Semeraro, G and Musto, C and Narducci, F},
  title = {Content-based and collaborative techniques for tag recommendation: An empirical evaluation},
  journal = {Journal of Intelligent Information Systems},
  year = {2013},
  volume = {40},
  pages = {41-61},
  number = {1}
}

@article{Madeira2004,
  address = {Los Alamitos, CA, USA},
  author = {Madeira, Sara C. and Oliveira, Arlindo L.},
  issue = {1},
  journal = {IEEE Transactions on Computational Biology and Bioinformatics},
  keywords = {biclustering co-clustering},
  month = {January},
  numpages = {22},
  pages = {24-45},
  publisher = {IEEE Computer Society Press},
  title = {Biclustering Algorithms for Biological Data Analysis: A Survey},
  volume = 1,
  year = 2004
}

@article{Mannens2011,
  author = {Mannens, Erik and Coppens, Sam and Pessemier, Toon and Dacquin, Hendrik and Deursen, Davy and Sutter, Robbie and Walle, Rik},
  title = {Automatic news recommendations via aggregated profiling},
  journal = {Multimedia Tools and Applications},
  year = {2011},
  volume = {63},
  pages = {407-425},
  number = {2},
  month = jul
}

@book{Miner2012,
 author = {Miner, Gary and Elder, John and Hill, Thomas and Nisbet, Robert and Delen, Dursun and Fast, Andrew},
 title = {Practical Text Mining and Statistical Analysis for Non-structured Text Data Applications},
 year = {2012},
 edition = {1st},
 publisher = {Academic Press},
}

@book{Mirkin1996,
  title = {Mathematical Classification and Clustering},
  author = {Mirkin, B.G.},
  series = {Mathematics and Its Applications},
  year = {1996},
  publisher = {Kluwer Academic Pubishers}
}

@conference{Moerland2013,
  author = {Moerland, M and Capelle, M and Hogenboom, F and Frasincar, F},
  title = {Semantics-based news recommendation with SF-IDF},
  booktitle = {ACM International Conference Proceeding Series},
  year = {2013},
  address = {Madrid}
}

@book{Murphy2012,
 author = {Murphy, Kevin P.},
 title = {Machine Learning: A Probabilistic Perspective},
 year = {2012},
 publisher = {The MIT Press},
}

@incollection{Neumann2007,
  year = {2007},
  booktitle = {Research and Advanced Technology for Digital Libraries},
  volume = {4675},
  series = {Lecture Notes in Computer Science},
  editor = {Kovács, László and Fuhr, Norbert and Meghini, Carlo},
  title = {Motivating and Supporting User Interaction with Recommender Systems},
  publisher = {Springer Berlin Heidelberg},
  author = {Neumann, AndreasW.},
  pages = {428-439},
  language = {English}
}

@article{Peres2012,
  author = {Rocha, Thiago and Peres, Sarajane Marques and Bíscaro, Helton H. and Madeo, Renata Cristina B. and Boscarioli, Clodis},
  journal = {RITA - Revista de Informática Teórica e Aplicada},
  month = {March},
  numpages = {44},
  pages = {120-163},
  title = {Tutorial sobre Fuzzy-c-Means e Fuzzy Learning Vector Quantization: Abordagens Híbridas para Tarefas de Agrupamento e Classificação},
  volume = {19},
  number = {1},
  year = {2012}
}

@article{Prelic2006,
  author = {Preli\'{C}, Amela and Bleuler, Stefan and Zimmermann, Philip and Wille, Anja and B\"{u}hlmann, Peter and Gruissem, Wilhelm and Hennig, Lars and Thiele, Lothar and Zitzler, Eckart},
  title = {A Systematic Comparison and Evaluation of Biclustering Methods for Gene Expression Data},
  journal = {Bioinformatics},
  issue_date = {May 2006},
  volume = {22},
  number = {9},
  month = may,
  year = {2006},
  pages = {1122-1129},
  numpages = {8},
  publisher = {Oxford University Press},
  address = {Oxford, UK},
}

@inproceedings{Qu2012,
  author = {Qu, Zhonghua and Liu, Yang},
  title = {User participation prediction in online forums},
  booktitle = {Proceedings of the 13th Conference of the European Chapter of the Association for Computational Linguistics},
  year = {2012},
  series = {EACL '12},
  pages = {367-376},
  address = {Stroudsburg, PA, USA},
  publisher = {Association for Computational Linguistics}
}

@article{Rand1971,
  author = {Rand, W. M.},
  journal = {Journal of the American Statistical Association},
  month = {December},
  pages = {846--850},
  title = {Objective Criteria for the Evaluation of Clustering Methods},
  volume = {66},
  number = {336},
  year = 1971
}

@article{Resnick1997,
  address = {New York, NY, USA},
  author = {Resnick, Paul and Varian, Hal R.},
  journal = {Communications of the ACM},
  month = {March},
  pages = {56-58},
  publisher = {ACM},
  title = {Recommender systems},
  volume = 40,
  year = 1997
}

@incollection{Ricci22011,
  author = {Shani, Guy and Gunawardana, Asela},
  booktitle = {Recommender Systems Handbook},
  editor = {Ricci, Francesco and Rokach, Lior and Shapira, Bracha and Kantor, Paul B.},
  pages = {257-297},
  publisher = {Springer},
  title = {Evaluating Recommendation Systems},
  year = 2011
}

@incollection{Ricci2011,
  author = {Ricci, Francesco and Rokach, Lior and Shapira, Bracha},
  booktitle = {Recommender Systems Handbook},
  editor = {Ricci, Francesco and Rokach, Lior and Shapira, Bracha and Kantor, Paul B.},
  pages = {1-35},
  publisher = {Springer},
  title = {Introduction to Recommender Systems Handbook.},
  year = 2011
}

@inproceedings{Saaya2013,
  author = {Saaya, Zurina and Rafter, Rachael and Schaal, Markus and Smyth, Barry},
  title = {The Curated Web: A Recommendation Challenge},
  booktitle = {Proceedings of the 7th ACM Conference on Recommender Systems},
  series = {RecSys '13},
  year = {2013},
  location = {Hong Kong, China},
  pages = {101--104},
  numpages = {4},
  publisher = {ACM},
  address = {New York, NY, USA}
}

@InProceedings{SalMnih08,
author=         "Ruslan Salakhutdinov and Andriy Mnih",
title=          "Probabilistic Matrix Factorization",
booktitle=      "Advances in Neural Information Processing Systems",
volume=         "20",
year=           "2008"
}

@article{Salton1975,
  address = {New York, NY, USA},
  author = {Salton, G. and Wong, A. and Yang, C. S.},
  journal = {Communications of the ACM},
  number = 11,
  pages = {613-620},
  publisher = {ACM},
  title = {A Vector Space Model for Automatic Indexing},
  volume = 18,
  year = 1975
}

@article{Santamaria2007,
  author = {Santamaría, R. and Miguel, L.A. and Therón, R.},
  title = {Methods to bicluster validation and comparison in microarray data},
  journal = {Lecture Notes in Computer Science: Proceedings of IDEAL'07},
  year = {2007},
  volume = {4881},
  pages = {780-789},
}

@article{Sebastiani2002,
  address = {New York, NY, USA},
  author = {Sebastiani, Fabrizio},
  description = {Machine learning in automated text categorization},
  journal = {ACM Comput. Surv.},
  number = 1,
  pages = {1-47},
  publisher = {ACM},
  title = {Machine learning in automated text categorization},
  volume = 34,
  year = 2002
}

@article{Semeraro2012,
  author = {Semeraro, Giovanni and Lops, Pasquale and {De Gemmis}, Marco and Musto, Cataldo and Narducci, Fedelucio},
  title = {A folksonomy-based recommender system for personalized access to digital artworks},
  journal = {Journal on Computing and Cultural Heritage},
  year = {2012},
  volume = {5},
  pages = {1-22},
  number = {3},
  month = oct
}

@article{Senecal2004,
  author = {Senecal, S. and Nantel, J.},
  journal = {Journal of Retailing},
  number = {2},
  pages = {159-169},
  priority = {2},
  title = {The influence of online product recommendations on consumers' online choices},
  volume = {80},
  year = {2004}
}

@article{Shahnaz2006373,
title = {Document clustering using nonnegative matrix factorization},
journal = {Information Processing \& Management},
volume = {42},
number = {2},
pages = {373 -- 386},
year = {2006},
author = {Shahnaz, Farial and Berry, Michael W. and Pauca, V.Paul and Plemmons, Robert J.}
}

@book{Skillicorn2012,
  author = {Skillicorn, David B.},
  pages = {I-IX, 1-108},
  publisher = {Springer},
  series = {Springer Briefs in Computer Science},
  timestamp = {2013-11-26T00:00:00.000+0100},
  title = {Understanding High-Dimensional Spaces.},
  year = 2012
}

@incollection{Spaeth2013,
  year={2013},
  booktitle={User Modeling, Adaptation, and Personalization},
  volume={7899},
  series={Lecture Notes in Computer Science},
  editor={Carberry, Sandra and Weibelzahl, Stephan and Micarelli, Alessandro and Semeraro, Giovanni},
  title={Combining Collaborative Filtering and Text Similarity for Expert Profile Recommendations in Social Websites},
  publisher={Springer Berlin Heidelberg},
  author={Spaeth, Alexandre and Desmarais, MichelC.},
  pages={178-189}
}

@article{Strehl2002,
  author = {Strehl, Alexander and Ghosh, Joydeep},
  journal = {Journal of Machine Learning Research},
  month = {March},
  numpages = {35},
  pages = {583-617},
  publisher = {JMLR.org},
  title = {Cluster ensembles --- a knowledge reuse framework for combining multiple partitions},
  volume = 3,
  year = 2003
}

@INPROCEEDINGS{Tanay2005,
  author = {Amos Tanay and Roded Sharan and Ron Shamir},
  title = {Biclustering Algorithms: A Survey},
  booktitle = {In Handbook of Computational Molecular Biology Edited by: Aluru S. Chapman \& Hall/CRC Computer and Information Science Series},
  year = {2005}
}

@conference{Tantanasiriwong2012,
  author = {Tantanasiriwong, S},
  title = {A comparison of clustering algorithms in article recommendation system},
  booktitle = {Proceedings of SPIE - The International Society for Optical Engineering},
  year = {2012},
  volume = {8349},
  address = {Singapore}
}

@article{Taraghi2013,
  author = {Taraghi, B and Grossegger, M and Ebner, M and Holzinger, A},
  title = {Web analytics of user path tracing and a novel algorithm for generating recommendations in Open Journal Systems},
  journal = {Online Information Review},
  year = {2013},
  volume = {37},
  pages = {672--691},
  number = {5}
}

@article{Tjhi2009,
  author = {Tjhi, William-Chandra and Chen, Lihui},
  journal = {IEEE Transactions on Fuzzy Systems},
  month = {June},
  pages = {533 -- 543},
  publisher = {IEEE},
  title = {Dual Fuzzy-Possibilistic Coclustering for Categorization of Documents},
  volume = {17},
  issue = {3},
  year = {2009}
}

@conference{Vaz2012,
  author = {Vaz, Paula Cristina and {Martins de Matos}, David and Martins, Bruno},
  title = {Stylometric relevance-feedback towards a hybrid book recommendation algorithm},
  booktitle = {Proceedings of the fifth ACM workshop on Research advances in large digital book repositories and complementary media - BooksOnline '12},
  year = {2012},
  pages = {13},
  address = {New York, New York, USA},
  publisher = {ACM Press}
}

@article{Wang2012,
  author = {Wang, Jingdong and Zhao, Zhe and Zhou, Jiazhen and Wang, Hao and Cui, Bin and Qi, Guojun},
  title = {Recommending Flickr groups with social topic model},
  journal = {Information Retrieval},
  year = {2012},
  volume = {15},
  pages = {278-295},
  number = {3-4}
}

@book{Weiss2010,
  address = {London; New York},
  author = {Weiss, Sholom M. and Indurkhya, Nitin and Zhang, Tong},
  publisher = {Springer-Verlag},
  title = {Fundamentals of predictive text mining},
  year = 2010
}

@article{Xu2005,
  author = {Xu, Rui and Wunsch, Donald},
  journal = {IEEE Transactions on Neural Networks},
  month = {May},
  pages = {645 -- 678},
  publisher = {IEEE},
  title = {Survey of Clustering Algorithms},
  volume = {16},
  issue = {3},
  year = {2005}
}

@inproceedings{Xu2003,
 author = {Xu, Wei and Liu, Xin and Gong, Yihong},
 title = {Document Clustering Based on Non-negative Matrix Factorization},
 booktitle = {Proceedings of the 26th Annual International ACM SIGIR Conference on Research and Development in Informaion Retrieval},
 series = {SIGIR '03},
 year = {2003},
 location = {Toronto, Canada},
 pages = {267--273},
 numpages = {7},
 address = {New York, NY, USA},
 keywords = {document clustering, non-negative matrix factorization},
}

@inproceedings{Yang2013,
  author = {Yang, Jaewon and Leskovec, Jure},
  title = {Overlapping Community Detection at Scale: A Nonnegative Matrix Factorization Approach},
  booktitle = {Proceedings of the Sixth ACM International Conference on Web Search and Data Mining},
  series = {WSDM '13},
  year = {2013},
  location = {Rome, Italy},
  pages = {587-596},
  numpages = {10},
  publisher = {ACM},
  address = {New York, NY, USA},
}

@article{Yeung2012,
  author = {Yeung, Kam Fung and Yang, Yanyan and Ndzi, David},
  title = {A proactive personalised mobile recommendation system using analytic hierarchy process and Bayesian network},
  journal = {Journal of Internet Services and Applications},
  year = {2012},
  volume = {3},
  pages = {195--214},
  number = {2},
  month = jul
}

----- MATRIX -----

@book{Golub1996,
 author = {Golub, Gene H. and Van Loan, Charles F.},
 title = {Matrix Computations (3rd Ed.)},
 year = {1996},
 publisher = {Johns Hopkins University Press},
 address = {Baltimore, MD, USA},
}

@book{Magnus1999,
  title = {Matrix Differential Calculus with Applications in Statistics and Econometrics},
  author = {Magnus, J.R. and Neudecker, H.},
  series = {Wiley Series in Probability and Statistics: Texts and References Section},
  year = {1999},
  publisher = {Wiley}
}

@book{Boyd2004,
 author = {Boyd, Stephen and Vandenberghe, Lieven},
 title = {Convex Optimization},
 year = {2004},
 publisher = {Cambridge University Press},
 address = {New York, NY, USA},
}

@misc{Petersen2012,
    author       = "K. B. Petersen and M. S. Pedersen",
    title        = "The Matrix Cookbook",
    year         = "2012",
    month        = "nov",
    publisher    = "Technical University of Denmark"
}

----- (FUZZY){0,1} KMEANS -----

@inproceedings{Bottou95,
  author = {Bottou, {L{\'{e}}on} and Bengio, Yoshua},
  title = {Convergence Properties of the {K}-Means Algorithm},
  year = {1995},
  pages = {585--592},
  crossref = {NIPS7}
}

@misc{Bauckhage2015,
  Author = {Christian Bauckhage},
  Title = {k-Means Clustering Is Matrix Factorization},
  Year = {2015}
}

@book{Bezdek1981,
 author = {Bezdek, James C.},
 title = {Pattern Recognition with Fuzzy Objective Function Algorithms},
 year = {1981},
 publisher = {Kluwer Academic Publishers},
 address = {Norwell, MA, USA}
}

----- CLUSTERING -----

@article{Halkidi2002a,
  author = {Halkidi, Maria and Batistakis, Yannis and Vazirgiannis, Michalis},
  journal = {SIGMOD Record},
  number = {2},
  pages = {40--45},
  publisher = {ACM Press},
  title = {Cluster validity methods: Part I},
  volume = {31},
  year = {2002}
}

@book{Manning2008,
 author = {Manning, Christopher D. and Raghavan, Prabhakar and Schütze, Hinrich},
 title = {Introduction to Information Retrieval},
 year = {2008},
 publisher = {Cambridge University Press},
 address = {New York, NY, USA},
}

@article{Halkidi2002b,
  author = {Halkidi, Maria and Batistakis, Yannis and Vazirgiannis, Michalis},
  title = {Clustering Validity Checking Methods: Part II},
  journal = {SIGMOD Rec.},
  issue_date = {September 2002},
  volume = {31},
  number = {3},
  month = sep,
  year = {2002},
  issn = {0163-5808},
  pages = {19--27},
  numpages = {9},
  address = {New York, NY, USA}
}

@book{Han2011,
 author = {Han, Jiawei and Kamber, Micheline and Pei, Jian},
 title = {Data Mining: Concepts and Techniques},
 year = {2011},
 edition = {3rd},
 publisher = {Morgan Kaufmann Publishers Inc.},
 address = {San Francisco, CA, USA}
}

@Article{Aloise2009,
  author = "Aloise, Daniel and Deshpande, Amit and Hansen, Pierre and Popat, Preyas",
  title = "NP-hardness of Euclidean sum-of-squares clustering",
  journal = "Machine Learning",
  year = "2009",
  volume = "75",
  number = "2",
  pages = "245--248",
  issn = "1573-0565",
}

----- SCIKIT LEARN -----

@article{scikitLearn,
  title = {Scikit-learn: Machine Learning in {P}ython},
  author = {Pedregosa, F. and Varoquaux, G. and Gramfort, A. and Michel, V.
           and Thirion, B. and Grisel, O. and Blondel, M. and Prettenhofer, P.
           and Weiss, R. and Dubourg, V. and Vanderplas, J. and Passos, A. and
           Cournapeau, D. and Brucher, M. and Perrot, M. and Duchesnay, E.},
  journal = {Journal of Machine Learning Research},
  volume = {12},
  pages = {2825--2830},
  year = {2011}
}

----- NIPS DATASET -----

@article{Chechik2007,
  title = {Euclidean Embedding of Co-occurrence Data},
  author = {Globerson, A. and Chechik, G. and Pereira, F. and Tishby, N.},
  journal = {The Journal of Machine Learning Research},
  volume = {8},
  pages = {2265--2295},
  year = {2007},
  publisher = {MIT Press Cambridge, MA, USA}
}

----- Stiefel -----

@article{Edelman1999,
  author = {Edelman, Alan and Arias, Tom\'{a}s A. and Smith, Steven T.},
  title = {The Geometry of Algorithms with Orthogonality Constraints},
  journal = {SIAM J. Matrix Anal. Appl.},
  issue_date = {April 1999},
  volume = {20},
  number = {2},
  month = apr,
  year = {1999},
  issn = {0895-4798},
  pages = {303--353},
  numpages = {51},
  publisher = {Society for Industrial and Applied Mathematics},
  address = {Philadelphia, PA, USA}
}

----- KKT -----

@book{bazaraa2006,
  title = {Nonlinear Programming: Theory and Algorithms},
  author = {Bazaraa, M.S. and Sherali, H.D. and Shetty, C.M.},
  year = {2006},
  publisher = {Wiley}
}

----- Coclustering NMTF -----

@Inbook{Bulteau2014,
  author = "Bulteau, Laurent and Froese, Vincent and Hartung, Sepp and Niedermeier, Rolf",
  editor = "Ahn, Hee-Kap and Shin, Chan-Su",
  title = "Co-Clustering Under the Maximum Norm",
  bookTitle = "Algorithms and Computation: 25th International Symposium, ISAAC 2014, Jeonju, Korea, December 15-17, 2014, Proceedings",
  year = "2014",
  publisher = "Springer International Publishing",
  address = "Cham",
  pages = "298--309"
}

@book{Govaert2013,
  title={Co-Clustering},
  author={Govaert, G. and Nadif, M.},
  year={2013},
  publisher={Wiley}
}

@inproceeedings{Ding05,
  author = {Chris Ding and Xiaofeng He and Horst D. Simon},
  title = {On the equivalence of nonnegative matrix factorization and spectral clustering},
  booktitle = {in SIAM International Conference on Data Mining},
  year = {2005}
}

@inproceeedings{Long2005,
  author = {Long, Bo and Zhang, Zhongfei Mark and Yu, Philip S.},
  title = {Co-clustering by block value decomposition},
  booktitle = {In KDD’05},
  year = {2005},
  pages = {635--640},
  publisher = {ACM Press}
}

@article{Yoo2010,
  author = {Yoo, Jiho and Choi, Seungjin},
  title = {Orthogonal nonnegative matrix tri-factorizations for co-clustering: multiplicative updates on Stiefel manifolds},
  journal = {Information Processing and Management},
  year = {2010},
  volume = {46},
  pages = {559--570}
}

@inproceedings{Wang2011,
  author = {Wang, Hua and Nie, Feiping and Huang, Heng and Makedon, Fillia},
  title = {Fast Nonnegative Matrix Tri-factorization for Large-scale Data Co-clustering},
  booktitle = {Proceedings of the Twenty-Second International Joint Conference on Artificial Intelligence - Volume Volume Two},
  series = {IJCAI'11},
  year = {2011},
  location = {Barcelona, Catalonia, Spain},
  pages = {1553--1558},
  numpages = {6},
  publisher = {AAAI Press}
}

@inproceedings{Ding06,
  author = {Ding, Chris and Li, Tao and Peng, Wei and Park, Haesun},
  title = {Orthogonal nonnegative matrix tri-factorizations for clustering},
  booktitle = {In SIGKDD},
  year = {2006},
  pages = {126--135},
  publisher = {Press}
}

@inproceedings{Li2006,
  author = {Li, Tao and Ding, Chris},
  title = {The Relationships Among Various Nonnegative Matrix Factorization Methods for Clustering},
  booktitle = {Proceedings of the Sixth International Conference on Data Mining},
  series = {ICDM '06},
  year = {2006},
  pages = {362--371},
  numpages = {10},
  publisher = {IEEE Computer Society},
  address = {Washington, DC, USA}
}

----- MISC -----

@misc{topsites,
  title = {Sites mais acessados do Brasil},
  url = {http://www.alexa.com/topsites/countries;1/BR},
  year = {2016}
}

@misc{Koren09,
    author = {Yehuda Koren},
    title = {1 The BellKor Solution to the Netflix Grand Prize},
    year = {2009}
}

@book{Cormen2001,
  author = {Cormen, Thomas H. and Stein, Clifford and Rivest, Ronald L. and Leiserson, Charles E.},
  title = {Introduction to Algorithms},
  year = {2001},
  edition = {2nd},
  publisher = {McGraw-Hill Higher Education},
}

@techreport{armadillo,
  author = "Sanderson, Conrad",
  institution = "NICTA",
  title = "{Armadillo: An Open Source C++ Linear Algebra Library for Fast Prototyping and Computationally Intensive Experiments}",
  year = "2010"
}

@inproceedings{Fatahalian2004,
   author = {Fatahalian, K. and Sugerman, J. and Hanrahan, P.},
   title = {Understanding the Efficiency of GPU Algorithms for Matrix-matrix Multiplication},
   booktitle = {Proceedings of the ACM SIGGRAPH/EUROGRAPHICS Conference on Graphics Hardware},
   series = {HWWS '04},
   year = {2004},
   location = {Grenoble, France},
   pages = {133--137},
   numpages = {5},
   acmid = {1058148},
   publisher = {ACM},
   address = {New York, NY, USA},
}

@inproceedings{openblas,
 author = {Wang, Qian and Zhang, Xianyi and Zhang, Yunquan and Yi, Qing},
 title = {AUGEM: Automatically Generate High Performance Dense Linear Algebra Kernels on x86 CPUs},
 booktitle = {Proceedings of the International Conference on High Performance Computing, Networking, Storage and Analysis},
 series = {SC '13},
 year = {2013},
 location = {Denver, Colorado},
 pages = {25:1--25:12},
 articleno = {25},
 numpages = {12},
 acmid = {2503219},
 publisher = {ACM},
 address = {New York, NY, USA},
 keywords = {DLA code optimization, auto-tuning, code generation},
}
